@online{lifat,
    title = "LIFAT",
    url = "https://lifat.univ-tours.fr/",
    addendum = "(consulté en avril 2025)",
}

@online{git,
    title = "Projet git Bike Accessibility",
    url = "https://github.com/joublu/Bike_Accessibility",
    % addendum = "(mai 2024)",
}

@online{erreur_relative,
    title = "Erreur relative",
    url = "https://fr.wikipedia.org/wiki/Erreur_relative",
    addendum = "(consulté le 22 mai 2025)",
}

@online{cas,
    title = "CaSciModOT ",
    url = "https://cascimodot.fr/centredecalcul",
    addendum = "(consulté en mars 2025)",
}

@article{kent_karner,
author = {Kent, Margaret and Karner, Alex},
year = {2018},
month = {03},
pages = {1-11},
title = {Prioritizing low-stress and equitable bicycle networks using neighborhood-based accessibility measures},
volume = {13},
journal = {International Journal of Sustainable Transportation},
doi = {10.1080/15568318.2018.1443177}
}

@online{jerome,
    title = "Rapport de stage de Jérôme Lécuyer",
    url = "https://docs.docker.com/",
}

@online{alaa,
    title = "Rapport de stage d'Alaâ Chakori Semmane",
    url = "https://kschiess.github.io/parslet/",
}

@online{géovelo,
    title = "Géovelo",
    url = "https://geovelo.app/",
    addendum = "(consulté en mars 2025)",
}

@online{OSM,
    title = "OpenStreetMap",
    url = "https://www.openstreetmap.org/",
    addendum = "(consulté en mars 2025)",
}

@online{filosoficarte,
    title = "Visualisation des données Filosofi sur la métropole de Tours",
    url = "https://www.insee.fr/fr/outil-interactif/7737357/map.html?indicator=nb_individus&background=ign_gris&opacity=0.8&zoom=11.535054468603008&lng=0.6988468081758583&lat=47.3794482125663",
    addendum = "(consulté en mars 2025)",
}

@online{filosofidonnees,
    title = "Explications sur les données Filosofi",
    url = "https://www.insee.fr/fr/information/5008701",
    addendum = "(consulté en mars 2025)",
}

@online{cplex,
    title = "CPLEX",
    url = "https://www.ibm.com/fr-fr/products/ilog-cplex-optimization-studio",
    addendum = "(consulté en mars 2025)",
}

@online{concert,
    title = "Concert Technology for C++ users",
    url = "https://www.ibm.com/docs/en/icos/22.1.0?topic=apis-concert-technology-c-users",
    addendum = "(consulté en mars 2025)",
}